<record><leader>00000cas a22000007a 4500</leader><controlfield tag="001">19773474</controlfield><controlfield tag="008">890527d19651985njudr ne      0    0eng d</controlfield><datafield ind1=" " ind2=" " tag="010"><subfield code="a">sn 88071134 </subfield></datafield><datafield ind1=" " ind2=" " tag="040"><subfield code="a">NJW</subfield><subfield code="b">eng</subfield><subfield code="c">NJW</subfield><subfield code="d">OCLCQ</subfield></datafield><datafield ind1=" " ind2=" " tag="042"><subfield code="a">msc</subfield></datafield><datafield ind1="0" ind2=" " tag="130"><subfield code="a">Daily advance (Dover, N.J. : 1965)</subfield></datafield><datafield ind1="1" ind2="0" tag="245"><subfield code="a">Daily advance.</subfield></datafield><datafield ind1=" " ind2=" " tag="260"><subfield code="a">Dover, N.J. :</subfield><subfield code="b">Richard Drukker,</subfield><subfield code="c">-1985.</subfield></datafield><datafield ind1=" " ind2=" " tag="310"><subfield code="a">Daily</subfield></datafield><datafield ind1="1" ind2=" " tag="362"><subfield code="a">Began in 1965.</subfield></datafield><datafield ind1="0" ind2=" " tag="362"><subfield code="a">-v. 82, no. 133 (Aug. 13, 1985).</subfield></datafield><datafield ind1=" " ind2=" " tag="588"><subfield code="a">Description based on: Vol. 63, no. 41 (June 1, 1965).</subfield></datafield><datafield ind1=" " ind2=" " tag="752"><subfield code="a">United States</subfield><subfield code="b">New Jersey</subfield><subfield code="c">Morris</subfield><subfield code="d">Dover.</subfield></datafield><datafield ind1="0" ind2="0" tag="780"><subfield code="t">Dover advance (Dover, N.J. : 1923)</subfield><subfield code="w">(DLC)sn 88071133</subfield></datafield><datafield ind1="0" ind2="0" tag="785"><subfield code="t">North Jersey advance</subfield><subfield code="w">(DLC)sn 88071131</subfield></datafield></record>